<record><leader>00000cas a22000007a 4500</leader><controlfield tag="001">24165608</controlfield><controlfield tag="008">910801c19899999ohuzn ne      0    0eng d</controlfield><datafield ind1=" " ind2=" " tag="010"><subfield code="a">sn 91069059 </subfield></datafield><datafield ind1=" " ind2=" " tag="040"><subfield code="a">ONP</subfield><subfield code="b">eng</subfield><subfield code="c">ONP</subfield><subfield code="d">OCLCQ</subfield></datafield><datafield ind1=" " ind2=" " tag="042"><subfield code="a">msc</subfield></datafield><datafield ind1="0" ind2=" " tag="130"><subfield code="a">Collective (Oberlin, Ohio : 1989)</subfield></datafield><datafield ind1="1" ind2="4" tag="245"><subfield code="a">The Collective.</subfield></datafield><datafield ind1=" " ind2=" " tag="260"><subfield code="a">[Oberlin, Ohio :</subfield><subfield code="b">s.n.]</subfield></datafield><datafield ind1=" " ind2=" " tag="300"><subfield code="a">v.</subfield></datafield><datafield ind1=" " ind2=" " tag="310"><subfield code="a">Three issues per semester.</subfield></datafield><datafield ind1=" " ind2=" " tag="500"><subfield code="a">Spring 1989-</subfield></datafield><datafield ind1=" " ind2=" " tag="752"><subfield code="a">United States</subfield><subfield code="b">Ohio</subfield><subfield code="c">Lorain</subfield><subfield code="d">Oberlin.</subfield></datafield></record>